<record><leader>00000cas a2200000 a 4500</leader><controlfield tag="001">11363144</controlfield><controlfield tag="008">841108d19011971azudr ne      0   a0eng c</controlfield><datafield ind1=" " ind2=" " tag="010"><subfield code="a">sn 84024827 </subfield></datafield><datafield ind1=" " ind2=" " tag="040"><subfield code="a">NPV</subfield><subfield code="b">eng</subfield><subfield code="c">NPV</subfield><subfield code="d">YOX</subfield><subfield code="d">NYS</subfield><subfield code="d">ANN</subfield><subfield code="d">OCLCQ</subfield><subfield code="d">KRTAS</subfield><subfield code="d">DLC</subfield><subfield code="d">OCLCQ</subfield><subfield code="d">OCLCF</subfield></datafield><datafield ind1=" " ind2=" " tag="012"><subfield code="l">a</subfield></datafield><datafield ind1="1" ind2=" " tag="022"><subfield code="a">2157-3255</subfield><subfield code="2">1</subfield></datafield><datafield ind1="1" ind2=" " tag="029"><subfield code="a">AU@</subfield><subfield code="b">000020606526</subfield></datafield><datafield ind1=" " ind2=" " tag="042"><subfield code="a">pcc</subfield><subfield code="a">nsdp</subfield></datafield><datafield ind1=" " ind2=" " tag="043"><subfield code="a">n-us-az</subfield></datafield><datafield ind1="0" ind2="0" tag="050"><subfield code="a">Newspaper</subfield></datafield><datafield ind1="0" ind2=" " tag="130"><subfield code="a">Bisbee daily review (Bisbee, Ariz. : 1901)</subfield></datafield><datafield ind1=" " ind2="0" tag="222"><subfield code="a">Bisbee daily review</subfield><subfield code="b">(Bisbee, Ariz. 1901)</subfield></datafield><datafield ind1="1" ind2="0" tag="245"><subfield code="a">Bisbee daily review.</subfield></datafield><datafield ind1="1" ind2="3" tag="246"><subfield code="a">Bisbee Sunday review</subfield></datafield><datafield ind1="1" ind2="7" tag="246"><subfield code="a">Daily review</subfield></datafield><datafield ind1=" " ind2=" " tag="260"><subfield code="a">Bisbee, Ariz. :</subfield><subfield code="b">W.B. Kelly,</subfield><subfield code="c">-1971.</subfield></datafield><datafield ind1=" " ind2=" " tag="300"><subfield code="a">v. :</subfield><subfield code="b">ill. ;</subfield><subfield code="c">56 cm.</subfield></datafield><datafield ind1=" " ind2=" " tag="310"><subfield code="a">Daily (except Mon.)</subfield></datafield><datafield ind1="1" ind2=" " tag="362"><subfield code="a">Began in 1901.</subfield></datafield><datafield ind1="0" ind2=" " tag="362"><subfield code="a">-Our 74th Year, no. 51 (Feb. 28, 1971).</subfield></datafield><datafield ind1=" " ind2=" " tag="500"><subfield code="a">Sunday issue published as: The Bisbee Sunday review, Dec. 20, 1925-Dec. 24, 1933.</subfield></datafield><datafield ind1=" " ind2=" " tag="500"><subfield code="a">Sunday issue includes black and white comic section 1940, 1943, 1945-1955; color comic section 1955-1959.</subfield></datafield><datafield ind1=" " ind2=" " tag="530"><subfield code="a">Archived issues are available in digital format as part of the Library of Congress Chronicling America online collection.</subfield></datafield><datafield ind1=" " ind2=" " tag="588"><subfield code="a">Description based on: Vol. 5, no. 137 (Nov. 2, 1901).</subfield></datafield><datafield ind1=" " ind2="0" tag="651"><subfield code="a">Bisbee (Ariz.)</subfield><subfield code="v">Newspapers.</subfield></datafield><datafield ind1=" " ind2="0" tag="651"><subfield code="a">Cochise County (Ariz.)</subfield><subfield code="v">Newspapers.</subfield></datafield><datafield ind1=" " ind2="7" tag="655"><subfield code="a">Newspapers.</subfield><subfield code="2">fast</subfield><subfield code="0">(OCoLC)fst01423814</subfield></datafield><datafield ind1=" " ind2="7" tag="651"><subfield code="a">Arizona</subfield><subfield code="z">Bisbee.</subfield><subfield code="2">fast</subfield><subfield code="0">(OCoLC)fst01210919</subfield></datafield><datafield ind1=" " ind2="7" tag="651"><subfield code="a">Arizona</subfield><subfield code="z">Cochise County.</subfield><subfield code="2">fast</subfield><subfield code="0">(OCoLC)fst01207405</subfield></datafield><datafield ind1=" " ind2=" " tag="752"><subfield code="a">United States</subfield><subfield code="b">Arizona</subfield><subfield code="c">Cochise</subfield><subfield code="d">Bisbee.</subfield></datafield><datafield ind1="0" ind2=" " tag="775"><subfield code="t">Review (Bisbee, Ariz.)</subfield><subfield code="w">(DLC)sn 95060786</subfield><subfield code="w">(OCoLC)32813157</subfield></datafield><datafield ind1="1" ind2=" " tag="776"><subfield code="c">Microfilm</subfield><subfield code="d">University of Arizona</subfield><subfield code="w">(OCoLC)3760100</subfield></datafield><datafield ind1="0" ind2="0" tag="780"><subfield code="t">Cochise review</subfield><subfield code="x">2158-4796</subfield><subfield code="w">(DLC)sn 94050513</subfield><subfield code="w">(OCoLC)31197928</subfield></datafield><datafield ind1="0" ind2="5" tag="780"><subfield code="t">Bisbee evening ore</subfield><subfield code="w">(DLC)sn 91066026</subfield><subfield code="w">(OCoLC)23226172</subfield></datafield><datafield ind1="0" ind2="0" tag="785"><subfield code="t">Bisbee review</subfield><subfield code="w">(DLC)sn 95060787</subfield><subfield code="w">(OCoLC)32438471</subfield></datafield><datafield ind1="4" ind2="1" tag="856"><subfield code="u">http://www.loc.gov/chroniclingamerica/lccn/sn84024827/issues</subfield></datafield><datafield ind1=" " ind2=" " tag="938"><subfield code="a">Kirtas Technologies, Inc.</subfield><subfield code="b">KRTS</subfield><subfield code="n">738883</subfield></datafield></record>